<record><leader>00000cas a22000007a 4500</leader><controlfield tag="001">14524055</controlfield><controlfield tag="008">861027d18871889pauwr ne      0    0eng d</controlfield><datafield ind1=" " ind2=" " tag="010"><subfield code="a">sn 86081923 </subfield></datafield><datafield ind1=" " ind2=" " tag="040"><subfield code="a">NPH</subfield><subfield code="b">eng</subfield><subfield code="c">NPH</subfield><subfield code="d">OCLCQ</subfield></datafield><datafield ind1=" " ind2=" " tag="042"><subfield code="a">msc</subfield></datafield><datafield ind1="0" ind2=" " tag="130"><subfield code="a">Weekly herald (Beaver Springs, Pa. : 1887)</subfield></datafield><datafield ind1="1" ind2="4" tag="245"><subfield code="a">The weekly herald.</subfield></datafield><datafield ind1=" " ind2=" " tag="260"><subfield code="a">Beaver Springs, Snyder Co., Pa. :</subfield><subfield code="b">Garman and Aurand,</subfield><subfield code="c">1887-</subfield></datafield><datafield ind1=" " ind2=" " tag="300"><subfield code="a">v. ;</subfield><subfield code="c">41-54 cm.</subfield></datafield><datafield ind1=" " ind2=" " tag="310"><subfield code="a">Weekly</subfield></datafield><datafield ind1="0" ind2=" " tag="362"><subfield code="a">Vol. 1, no. 8 (Apr. 23, 1887)-</subfield></datafield><datafield ind1="1" ind2=" " tag="362"><subfield code="a">Ceased in May, 1889?</subfield></datafield><datafield ind1=" " ind2=" " tag="500"><subfield code="a">Published Saturday morning.</subfield></datafield><datafield ind1=" " ind2=" " tag="752"><subfield code="a">United States</subfield><subfield code="b">Pennsylvania</subfield><subfield code="c">Snyder</subfield><subfield code="d">Beaver Springs.</subfield></datafield><datafield ind1="0" ind2="0" tag="780"><subfield code="t">Adamsburg herald</subfield><subfield code="w">(DLC)sn 86081922</subfield></datafield><datafield ind1="0" ind2="0" tag="785"><subfield code="t">Adamsburg weekly herald (Beaver Springs, Pa. : 1889)</subfield><subfield code="w">(DLC)sn 86081924</subfield></datafield></record>